% networking
@book{KR16,
  address = {Boston, MA},
  author = {Kurose, James F. and Ross, Keith W.},
  edition = 7,
  isbn = {978-0-13-359414-0},
  keywords = {01841 104 book shelf computer network},
  publisher = {Pearson},
  title = {Computer Networking: A Top-Down Approach},
  year = 2016
}

@article{Lam98,
  author = {Lamport, Leslie},
  title = {The Part-Time Parliament},
  year = {1998},
  issue_date = {May 1998},
  publisher = {Association for Computing Machinery},
  address = {New York, NY, USA},
  volume = {16},
  number = {2},
  issn = {0734-2071},
  url = {https://doi.org/10.1145/279227.279229},
  doi = {10.1145/279227.279229},
  journal = {ACM Trans. Comput. Syst.},
  month = {may},
  pages = {133–169},
  numpages = {37},
  keywords = {voting, three-phase commit, state machines}
}

% logical clocks
@article{Lam78,
  acmid = {359563},
  author = {Lamport, Leslie},
  doi = {10.1145/359545.359563},
  issn = {0001-0782},
  issue_date = {July 1978},
  journal = {Communications of the ACM},
  month = {July},
  number = 7,
  numpages = {8},
  pages = {558--565},
  publisher = {ACM},
  title = {{Time, Clocks, and the Ordering of Events in a Distributed System}},
  volume = 21,
  year = 1978
}

% formalism of interprocess communication
@article{Lam86,
  title={On interprocess communication: part I: basic formalism},
  author={Lamport, Leslie},
  journal={Distributed computing},
  volume={1},
  pages={77--85},
  year={1986},
  publisher={Springer}
}

% proof of CAP theorem
@article{GL02,
  author = {Gilbert, Seth and Lynch, Nancy},
  title = {Brewer's Conjecture and the Feasibility of Consistent, Available, Partition-Tolerant Web Services},
  year = {2002},
  issue_date = {June 2002},
  publisher = {Association for Computing Machinery},
  address = {New York, NY, USA},
  volume = {33},
  number = {2},
  issn = {0163-5700},
  url = {https://doi.org/10.1145/564585.564601},
  doi = {10.1145/564585.564601},
  journal = {SIGACT News},
  month = {jun},
  pages = {51–59},
  numpages = {9}
}

% CAP theorem conjecture
@misc{Bre00,
  title={Towards robust distributed systems},
  author={Brewer, Eric A},
  booktitle={PODC},
  volume={7},
  number={10.1145},
  pages={343477--343502},
  year={2000},
  organization={Portland, OR}
}
